<?xml version="1.0" encoding="UTF-8"?><collection xmlns="http://www.loc.gov/MARC21/slim"><record><leader>00463nam--2200157-i-4500</leader><controlfield tag="001">000018144</controlfield><controlfield tag="002">20161230</controlfield><controlfield tag="005">20170128140643</controlfield><controlfield tag="008">060222s1000------------r-----000-0-eng-d</controlfield><datafield ind1=" " ind2=" " tag="100"><subfield code="a">Feinhelson, E. F</subfield></datafield><datafield ind1=" " ind2=" " tag="245"><subfield code="a">Racset iarkosti sveta v atmosfere pri anizotropnom resseianii. Cesati i.trudi inst., fiziki atmosferi</subfield></datafield><datafield ind1=" " ind2=" " tag="260"><subfield code="a">Moscva</subfield><subfield code="b">Izd.Acad.Nauk, SSSR</subfield><subfield code="c">1958</subfield></datafield><datafield ind1=" " ind2=" " tag="300"><subfield code="a">101 p</subfield></datafield><datafield ind1=" " ind2=" " tag="700"><subfield code="a">Malkevici, M. S</subfield></datafield><datafield ind1=" " ind2=" " tag="852"><subfield code="a">5048</subfield></datafield><datafield ind1=" " ind2=" " tag="CAT"><subfield code="a">SYS</subfield><subfield code="c">20170128</subfield><subfield code="h">140643</subfield></datafield></record></collection>